%% This BibTeX bibliography file was created using BibDesk.
%% http://bibdesk.sourceforge.net/
%% Created for Jeff Burke at 2015-01-01 11:45:52 -0800
%% Saved with string encoding Unicode (UTF-8)

@article{estrin2010open,
	title={Open mHealth architecture: an engine for health care innovation},
	author={Estrin, Deborah and Sim, Ida},
	journal={Science},
	volume={330},
	number={6005},
	pages={759--760},
	year={2010},
	publisher={American Association for the Advancement of Science}
}

@article{tschudinnamed,
	title={Named Function Networking},
	author={Tschudin, Christian and Sifalakis, Manolis}
}

@article{yu2015name,
	title={Name-Based Access Control},
	author={Yu, Yingdi and Afanasyev, Alexander and Zhang, Lixia},
	journal={Named Data Networking Project, Technical Report NDN-0034},
	year={2015}
}